2430 4620
1011 349 1075 423 ¹49

106 505 243 573 meuseri
259 518 386 593 potem
417 486 560 568 Gmeli
571 527 652 570 nus
676 525 756 570 vero
771 503 904 570 illamam
920 523 1066 594 quatuor

106 617 275 692 exstruxit,
308 614 503 699 differentiis
530 613 694 703 specificis
719 639 893 703 promere
909 619 1063 705 pessimis

106 749 132 797 et
146 728 320 796 arbitrariis
337 727 468 799 additis.
513 710 589 793 Oris
604 745 805 796 structuram
824 732 914 816 quod
932 730 1060 808 attinet,

107 842 163 931 ipse
189 844 331 909 eandem
359 837 490 927 uariare¹
509 839 599 915 virli,
640 858 681 905 ut
714 840 897 928 specimina
924 851 1059 924 majora,
1157 908 1160 912 .

107 955 195 1042 magis
223 952 487 1039 nigra,1qualia.
509 955 705 1040 plerumque
739 953 776 1017 in
811 953 994 1021 husonibus
1027 975 1060 1022 et
1150 942 1179 991 ¹·

107 1071 206 1154 lngus
224 1063 332 1152 fragili
348 1082 545 1140 occurrunt,
564 1068 651 1129 dum
667 1088 703 1130 os
721 1064 933 1153 sphaericum
948 1042 1072 1156 neque⁸
1157 1092 1162 1115 ι

106 1181 242 1243 salsulae
258 1176 295 1241 iu
312 1193 530 1264 conspectum
547 1177 710 1251 veniunt,
727 1178 825 1271 facile
846 1178 1057 1256 dirimantur,

109 1290 197 1357 denec
211 1280 364 1354 v'alsulae
376 1306 569 1375 apparentes
586 1293 733 1370 ejusdem
749 1307 782 1355 et
800 1284 929 1377 generis
944 1309 976 1357 et
986 1316 1057 1380 spe·

108 1402 158 1468 eiei
172 1424 241 1485 esse
257 1404 408 1489 probant.
432 1401 562 1467 Goezi
572 1425 618 1466 us
644 1401 762 1466 itidem
778 1403 948 1470 Ascaridea
961 1427 1056 1490 quas·

100 1516 168 1580 am
182 1515 287 1581 cauda
307 1517 448 1586 obtusa,
471 1513 551 1578 alias
578 1515 731 1579 subulata
754 1516 932 1594 instructas
948 1517 1056 1594 refers,

108 1631 182 1714 quod
194 1624 387 1723 praesertim
406 1628 447 1690 ad
464 1628 595 1692 easdem
610 1629 804 1711 separandas
822 1626 966 1705 induxit,
982 1627 1056 1715 ipse

106 1751 201 1804 lamen
214 1737 252 1801 in
266 1736 376 1807 musei
399 1737 512 1812 indiae
526 1741 757 1824 (Naturgeacls.
773 1764 805 1826 p.
825 1746 918 1821 758.)
939 1762 1055 1808 omnes
1114 1734 1117 1741 ¹

102 1847 210 1916 iterum
229 1830 404 1931 conjunxit
420 1866 452 1913 et
467 1850 635 1915 Ascaridee
649 1853 790 1915 obtuso·
802 1832 958 1917 caudatus
974 1859 1082 1940 (ger
1126 1856 1130 1867 ’

103 1963 220 2047 uertice
244 1957 567 2052 smmpfscswanze)
591 1979 710 2037 vocat,
740 1965 798 2028 sed
818 1986 929 2029 revera
947 1964 1054 2031 cassele

100 2074 243 2143 marullus
257 2078 378 2141 obtusa
397 2091 463 2150 est,
477 2092 519 2141 et
534 2079 598 2141 sub
615 2070 839 2163 microscopio
864 2048 1084 2163 composit‘

99 2203 240 2264 nutum,
262 2204 302 2251 ut
318 2187 375 2265 fit,
397 2204 565 2253 attenuata
586 2205 618 2253 et
634 2186 862 2253 obtusiuscula
882 2187 1019 2258 sistitur.

176 2302 352 2388 Quaedam
371 2317 482 2381 tamen
501 2301 537 2364 in
558 2304 598 2366 cl.
616 2299 680 2363 virs
671 2299 850 2386 figura7.
874 2306 941 2366 tab.
954 2306 987 2368 v.
1011 2304 1052 2368 ab

93 2412 320 2482 instrumento
328 2412 489 2500 pressorio
514 2416 656 2501 pendere
678 2411 845 2479 videntur.
925 2428 932 2434 “

111 2527 269 2599 Obsa
286 2543 316 2596 a,
360 2527 554 2599 Membrana
568 2524 734 2594 lateralis
724 2548 761 2592 sn
774 2526 945 2591 bufonum
960 2529 1056 2593 Asca

93 2638 217 2705 ridibus
235 2636 418 2724 generatim
436 2637 549 2709 latior,
573 2636 690 2723 capitis
715 2659 813 2723 saepe
838 2655 969 2702 crenata
983 2638 1054 2705 eive

93 2773 227 2841 rugosas
249 2754 331 2815 haec
348 2766 458 2814 tamen
475 2765 554 2818 nota
570 2735 692 2834 pariter
706 2747 842 2818 ineerta.

133 2873 136 2877 '
174 2865 276 2928 Obs.
292 2879 322 2941 3.
364 2864 533 2926 Numerus
558 2858 723 2922 vermium
748 2860 785 2923 in
808 2881 963 2925 ranarum
978 2865 1052 2948 pul·
1105 2943 1109 2953 Ι

93 2974 251 3044 munibus
272 2975 520 3039 occurrentium
541 2994 613 3037 raro
639 2992 797 3055 magnus,
830 2972 916 3050 conl.
940 2976 1050 3040 v01.1.
1108 2966 1113 2983 “

93 3112 119 3178 p.
135 3099 213 3170 454
245 3085 306 3151 ubi
328 3084 494 3165 Gueaii
511 3083 695 3158 observatio
725 3087 791 3153 huc
823 3083 945 3153 iaciens
976 3084 1050 3152 illu.

93 3219 222 3270 stratur,
399 3204 402 3209 ’

94 3429 140 3492 ι9.
170 3411 311 3474 Ascasss
330 3410 448 3485 Acus,
465 3408 625 3481 Bloelu,
685 3472 687 3476 .

99 3568 102 3577 ’
134 3596 137 3602 .
173 3541 362 3618 Aecarise
382 3543 570 3606 membrana
579 3542 1054 3628 lateralieapltls-eaarlaepue

94 3654 205 3721 rubam
220 3650 502 3741 piassises‘eulnrum
515 3661 644 3730 lineari,
664 3660 813 3737 corporis
829 3644 1032 3723 tenuissima.

111 3776 254 3845 Mitti.
271 3774 321 3842 im
333 3776 563 3847 ressurexit.
584 3798 617 3866 p.
628 3782 718 3862 ²14⁰·'
732 3778 805 3846 Ass,
822 3795 901 3860 seta.
963 3810 967 3818 ·
